@article{dhyani2002survey,
  title={A survey of web metrics},
  author={Dhyani, Devanshu and Ng, Wee Keong and Bhowmick, Sourav S},
  journal={ACM Computing Surveys (CSUR)},
  volume={34},
  number={4},
  pages={469--503},
  year={2002},
  publisher={ACM}
}

@article{botafogo1992structural,
  title={Structural analysis of hypertexts: Identifying hierarchies and useful metrics},
  author={Botafogo, Rodrigo A and Rivlin, Ehud and Shneiderman, Ben},
  journal={ACM Transactions on Information Systems (TOIS)},
  volume={10},
  number={2},
  pages={142--180},
  year={1992},
  publisher={ACM}
}