@inproceedings{henzinger,
 author = {Henzinger and Monika},
 title = {Finding Near-duplicate Web Pages: A Large-scale Evaluation of Algorithms},
 booktitle = {Proceedings of the 29th Annual International ACM SIGIR Conference on Research and Development in Information Retrieval},
 year = {2006},
 pages = {284--291}
} 

@article{broder,
title = {Syntactic clustering of the Web},
journal = {Computer Networks and ISDN Systems},
volume = {29},
number = {8},
pages = {1157 - 1166},
year = {1997},
author = {Andrei Z. Broder and Steven C. Glassman and Mark S. Manasse and Geoffrey Zweig}
}

@inproceedings{manku,
 author = {Manku, Gurmeet Singh and Jain, Arvind and Das Sarma, Anish},
 title = {Detecting Near-duplicates for Web Crawling},
 booktitle = {Proceedings of the 16th International Conference on World Wide Web},
 series = {WWW '07},
 year = {2007},
 isbn = {978-1-59593-654-7},
 location = {Banff, Alberta, Canada},
 pages = {141--150},
 numpages = {10},
 acmid = {1242592},
 publisher = {ACM},
 address = {New York, NY, USA}
} 

@article{ssim, 
author={D. {Brunet} and E. R. {Vrscay} and Z. {Wang}}, 
journal={IEEE Transactions on Image Processing}, 
title={On the Mathematical Properties of the Structural Similarity Index}, 
year={2012}, 
volume={21}, 
number={4}, 
pages={1488-1499}, 
keywords={image processing;optimisation;mathematical properties;structural similarity index;SSIM;image quality;image processing;optimization;distance preservation;orthogonal transformations;unitary transformations;Indexes;Optimization;Correlation;Extraterrestrial measurements;Distortion measurement;Cone metrics;normalized metrics;perceptually optimized algorithms and methods;quality metrics and assessment tools;quasi-convexity and convexity;structural similarity (SSIM) index;Algorithms;Artificial Intelligence;Image Enhancement;Image Interpretation, Computer-Assisted;Pattern Recognition, Automated;Reproducibility of Results;Sensitivity and Specificity;Signal Processing, Computer-Assisted;Subtraction Technique}, 
doi={10.1109/TIP.2011.2173206}, 
ISSN={1057-7149}, 
month={April}
}