@inproceedings{kwon2006precise,
  title={A precise metric for measuring how much Web pages change},
  author={Kwon, Shin Young and Lee, Sang Ho and Kim, Sung Jin},
  booktitle={International Conference on Database Systems for Advanced Applications},
  pages={557--571},
  year={2006},
  organization={Springer}
}

@inproceedings{alsum2014thumbnail,
  title={Thumbnail Summarization Techniques for Web Archives},
  author={AlSum, Ahmed and Nelson, Michael L},
  booktitle={European Conference on Information Retrieval},
  pages={299--310},
  year={2014},
  organization={Springer}
}

@article{bar2009method,
  title={A method for measuring the evolution of a topic on the Web: The case of “informetrics”},
  author={Bar-Ilan, Judit and Peritz, Bluma C},
  journal={Journal of the American Society for Information Science and Technology},
  volume={60},
  number={9},
  pages={1730--1740},
  year={2009},
  publisher={Wiley Online Library}
}

@inproceedings{saad2011improving,
  title={Improving the quality of web archives through the importance of changes},
  author={Saad, Myriam Ben and Gan{\c{c}}arski, St{\'e}phane},
  booktitle={International Conference on Database and Expert Systems Applications},
  pages={394--409},
  year={2011},
  organization={Springer}
}